@article{brkga,
    author = {Gon{\c{c}}alves, Jos{\'{e}} Fernando and Resende, Mauricio G. C.},
    doi = {10.1007/s10732-010-9143-1},
    issn = {1381-1231},
    journal = {Journal of Heuristics},
    number = {5},
    pages = {487--525},
    title = {{Biased random-key genetic algorithms for combinatorial optimization}},
    url = {http://link.springer.com/10.1007/s10732-010-9143-1},
    volume = {17},
    year = {2011}
}

@Article{GRASP,
	author="Feo, Thomas A. and Resende, Mauricio G. C.",
	title="Greedy Randomized Adaptive Search Procedures",
	journal="Journal of Global Optimization",
	year="1995",
	month="Mar",
	day="01",
	volume="6",
	number="2",
	pages="109--133",
	issn="1573-2916",
	doi="10.1007/BF01096763",
	url="https://doi.org/10.1007/BF01096763"
}

